%! Author = mmiller
%! Date = 10.12.24

